<record><leader>00000cas a22000007a 4500</leader><controlfield tag="001">68695088</controlfield><controlfield tag="008">060511c200u9999pauwr ne      0   a0eng c</controlfield><datafield ind1=" " ind2=" " tag="010"><subfield code="a">  2006213707</subfield></datafield><datafield ind1=" " ind2=" " tag="040"><subfield code="a">NSD</subfield><subfield code="b">eng</subfield><subfield code="c">NSD</subfield><subfield code="d">OCLCQ</subfield></datafield><datafield ind1=" " ind2=" " tag="012"><subfield code="l">1</subfield><subfield code="m">1</subfield></datafield><datafield ind1="1" ind2=" " tag="022"><subfield code="a">1931-8871</subfield><subfield code="l">1931-8871</subfield><subfield code="2">1</subfield></datafield><datafield ind1=" " ind2=" " tag="032"><subfield code="a">542-460</subfield><subfield code="b">USPS</subfield></datafield><datafield ind1=" " ind2=" " tag="037"><subfield code="b">Cypress Media, 211 S. State St., Clarks Summit, PA 18411</subfield></datafield><datafield ind1=" " ind2=" " tag="042"><subfield code="a">nsdp</subfield><subfield code="a">pcc</subfield></datafield><datafield ind1="1" ind2="0" tag="050"><subfield code="a">ISSN RECORD</subfield></datafield><datafield ind1="0" ind2=" " tag="130"><subfield code="a">Journal (Clarks Summit, Pa.)</subfield></datafield><datafield ind1=" " ind2="0" tag="222"><subfield code="a">Journal</subfield><subfield code="b">(Clarks Summit, Pa.)</subfield></datafield><datafield ind1="1" ind2="4" tag="245"><subfield code="a">The journal.</subfield></datafield><datafield ind1=" " ind2=" " tag="260"><subfield code="a">Clarks Summit, PA :</subfield><subfield code="b">Cypress Media</subfield></datafield><datafield ind1=" " ind2=" " tag="300"><subfield code="a">v.</subfield></datafield><datafield ind1=" " ind2=" " tag="310"><subfield code="a">Weekly</subfield></datafield><datafield ind1=" " ind2=" " tag="588"><subfield code="a">Description based on surrogate of: Vol. 79, no. 6 (Feb. 8 - Feb. 14, 2006); title from caption.</subfield></datafield><datafield ind1=" " ind2=" " tag="752"><subfield code="a">United States</subfield><subfield code="b">Pennsylvania</subfield><subfield code="c">Lackawanna</subfield><subfield code="d">Clarks Summit.</subfield></datafield><datafield ind1="0" ind2="0" tag="780"><subfield code="t">Abington journal</subfield><subfield code="b">(Clarks Summit, Pa.)</subfield><subfield code="x">1058-6865</subfield><subfield code="w">(DLC)sn 87080455</subfield><subfield code="w">(OCoLC)16314432</subfield></datafield><datafield ind1="1" ind2=" " tag="029"><subfield code="a">AU@</subfield><subfield code="b">000041885456</subfield></datafield></record>